<?xml version="1.0" encoding="UTF-8"?><collection xmlns="http://www.loc.gov/MARC21/slim"><record><leader>00483nam--2200181-i-4500</leader><controlfield tag="001">000005438</controlfield><controlfield tag="002">20161230</controlfield><controlfield tag="005">20161230201026</controlfield><controlfield tag="008">060222s1000------------r-----000-0-eng-d</controlfield><datafield ind1=" " ind2=" " tag="040"><subfield code="a">IFIN-HH</subfield></datafield><datafield ind1=" " ind2=" " tag="080"><subfield code="a">546</subfield></datafield><datafield ind1="1" ind2=" " tag="100"><subfield code="a">Cotton, F. Albert</subfield></datafield><datafield ind1="1" ind2="0" tag="245"><subfield code="a">Progress in inorganic chemistry</subfield><subfield code="b">Volume 1</subfield><subfield code="c">F. albert cotton (ed.)</subfield></datafield><datafield ind1=" " ind2=" " tag="260"><subfield code="a">New York</subfield><subfield code="b">Interscience Publishers Inc</subfield><subfield code="c">1960</subfield></datafield><datafield ind1=" " ind2=" " tag="300"><subfield code="a">IX+566P</subfield></datafield><datafield ind1="1" ind2=" " tag="787"><subfield code="a">Volume 1</subfield></datafield><datafield ind1=" " ind2=" " tag="852"><subfield code="a">15936</subfield><subfield code="c">546</subfield></datafield><datafield ind1=" " ind2=" " tag="CAT"><subfield code="a">Sys</subfield><subfield code="c">20120105</subfield><subfield code="h">111740</subfield></datafield></record></collection>